@article{ausubel1983teoria,
  title={Teor{\'\i}a del aprendizaje significativo},
  author={Ausubel, David and others},
  journal={Fasc{\'\i}culos de CEIF},
  volume={1},
  pages={1--10},
  year={1983}
}